@article{EPDB,
  author  = {Mohith Gowda and Adithya and Gunesh Prasad},
  title   = {Development of anti-phishing browser based on random forest and rule of extraction framework},
  journal = {Springer Open},
  year    = {2020},
}
@article{PDGAN,
  author  = {SAAD AL-AHMADI and AFRAH ALOTAIBI and OMAR ALSALEH},
  title   = {Phishing Detection With Generative Adversarial Networks},
  journal = {IEEE Access},
  year    = {2022},
  volume  = {10},
}
@article{PhishTransformer,
  author  = {Sultan Asiri and Yang Xiao and Tieshan Li},
  title   = {PhishTransformer: A Novel Approach to Detect Phishing Attacks Using URL Collection and Transformer},
  journal = {electronics},
  year    = {2024},
}
